Encoding: UTF-8
\newpage
@book{horowitz2015art,
  title={The Art of Electronics},
  author={Horowitz, Paul and Hill, Winfield},
  year={2015},
  publisher={Cambridge University Press},
  edition={3rd}
}

@book{fraden2016handbook,
  title={Handbook of Modern Sensors: Physics, Designs, and Applications},
  author={Fraden, Jacob},
  year={2016},
  publisher={Springer},
  edition={5th}
}

@manual{ti2015lm741,
  title={LM741 Operational Amplifier Data Sheet},
  author={{Texas Instruments}},
  year={2015},
  url={https://www.ti.com/lit/ds/symlink/lm741.pdf}
}

@manual{ad2018ad620,
  title={AD620 Low Cost, Low Power Instrumentation Amplifier Data Sheet},
  author={{Analog Devices}},
  year={2018},
  url={https://www.analog.com/media/en/technical-documentation/data-sheets/AD620.pdf}
}

@book{johnson2006process,
  title={Process Control Instrumentation Technology},
  author={Johnson, Curtis D},
  year={2006},
  publisher={Pearson},
  edition={8th}
}

